% This file was created with JabRef 2.8.1.
% Encoding: Cp1252

@INPROCEEDINGS{Split_a_Flow,
  author = {Hartman, Tzvika and Hassidim, Avinatan and Kaplan, Haim and Raz,
	Danny and Segalov, Michal},
  title = {How to split a flow?},
  booktitle = {INFOCOM},
  year = {2012},
  editor = {Greenberg, Albert G. and Sohraby, Kazem},
  pages = {828-836},
  publisher = {IEEE},
  added-at = {2012-05-14T00:00:00.000+0200},
  biburl = {http://www.bibsonomy.org/bibtex/223ea22b00f1d803347cbcb4e30472a8a/dblp},
  crossref = {conf/infocom/2012},
  ee = {http://dx.doi.org/10.1109/INFCOM.2012.6195830},
  interhash = {e3f3f647f8b5970ca9ba3a282e696ba6},
  intrahash = {23ea22b00f1d803347cbcb4e30472a8a},
  isbn = {978-1-4673-0773-4},
  keywords = {dblp},
  timestamp = {2012-05-14T00:00:00.000+0200},
  url = {http://dblp.uni-trier.de/db/conf/infocom/infocom2012.html}
}

@ARTICLE{DigitalFountains,
  author = {A. Cattaneo, G. Marfia, A. Sentinelli, A. Vitali, L. Celetto, M.
	Roccetti, M. Gerla,},
  title = {Using Digital Fountains in Future IPTV Streaming Platforms:a Future
	Perspective},
  journal = {IEEE Communications Magazine},
  year = {2012},
  month = {May}
}

@MISC{TopologiaMbone,
  author = {S. Casner},
  title = {MBONE Map from Steve Casner, 11 May 1994},
  howpublished = {\url{http://www.mbone.cl.cam.ac.uk/mbone/mbone-topology.html}},
  note = {Acessado em 4 outubro de 2012}
}

@ARTICLE{Chowdhury:2009:NVS:1670078.1670081,
  author = {Chowdhury, N. M. Mosharaf Kabir and Boutaba, Raouf},
  title = {Network virtualization: state of the art and research challenges},
  journal = {Comm. Mag.},
  year = {2009},
  volume = {47},
  pages = {20--26},
  number = {7},
  month = jul,
  acmid = {1670081},
  address = {Piscataway, NJ, USA},
  doi = {10.1109/MCOM.2009.5183468},
  issn = {0163-6804},
  issue_date = {July 2009},
  numpages = {7},
  publisher = {IEEE Press},
  url = {http://dx.doi.org/10.1109/MCOM.2009.5183468}
}

@MISC{cisco_on_internet_growth,
  author = {Cisco},
  title = {Cisco Visual Networking Index: Forecast and Methodology, 2011 --
	2016},
  year = {2012},
  note = {http://www.cisco.com/en/US/solutions/collateral/ns341/ns525/ns537/ns705/ns827/.
	Accessed: 27/06/2012},
  bdsk-url-1 = {http://www.cisco.com/en/US/solutions/collateral/ns341/ns525/ns537/ns705/ns827/},
  keywords = {Cisco},
  owner = {gamer2},
  timestamp = {2012.06.27},
  url = {http://www.cisco.com/en/US/solutions/collateral/ns341/ns525/ns537/ns705/ns827/}
}

@INPROCEEDINGS{Networkx,
  author = {Aric A. Hagberg and Daniel A. Schult and Pieter J. Swart},
  title = {Exploring Network Structure, Dynamics, and Function using NetworkX},
  booktitle = {Proceedings of the 7th Python in Science Conference},
  year = {2008},
  editor = {Ga\"el Varoquaux and Travis Vaught and Jarrod Millman},
  pages = {11 - 15},
  address = {Pasadena, CA USA}
}

@INPROCEEDINGS{hagberg-2008-exploring,
  author = {Aric A. Hagberg and Daniel A. Schult and Pieter J. Swart},
  title = {Exploring network structure, dynamics, and function using {NetworkX}},
  booktitle = {Proceedings of the 7th Python in Science Conference (SciPy2008)},
  year = {2008},
  pages = {11--15},
  address = {Pasadena, CA USA},
  month = Aug,
  editors = {G\"{a}el Varoquaux, Travis Vaught, and Jarrod Millman},
  urlpdf = {http://math.lanl.gov/~hagberg/Papers/hagberg-2008-exploring.pdf}
}

@ARTICLE{huang2007iptps,
  author = {Huang, Jin Li and Keith W. Ross Cheng},
  title = {Peer-Assisted VoD: Making Internet Video Distribution Cheap},
  journal = {IPTPS07},
  year = {2007},
  added-at = {2007-07-11T00:38:33.000+0200},
  biburl = {http://www.bibsonomy.org/bibtex/208234933f69a5b8a8f5ba2de6d34249b/camrdale},
  interhash = {ec4243f5611b38cc747049770078d543},
  intrahash = {08234933f69a5b8a8f5ba2de6d34249b},
  keywords = {P2P imported-10-07-2007 youtube},
  publisher = {Springer},
  timestamp = {2007-07-11T00:38:33.000+0200}
}

@ARTICLE{Huang:2011:SMP:2042972.2042976,
  author = {Huang, Sheng and Martel, Charles U. and Mukherjee, Biswanath},
  title = {Survivable multipath provisioning with differential delay constraint
	in telecom mesh networks},
  journal = {IEEE/ACM Trans. Netw.},
  year = {2011},
  volume = {19},
  pages = {657--669},
  number = {3},
  month = jun,
  acmid = {2042976},
  address = {Piscataway, NJ, USA},
  doi = {10.1109/TNET.2010.2082560},
  issn = {1063-6692},
  issue_date = {June 2011},
  keywords = {differential delay (DD), multipath provisioning, survivability, telecom
	mesh network, virtual concatenation (VCAT), wavelength-division multiplexing
	(WDM)},
  numpages = {13},
  publisher = {IEEE Press},
  url = {http://dx.doi.org/10.1109/TNET.2010.2082560}
}

@MASTERSTHESIS{tese_manola,
  author = {Renan Manola},
  title = {Analise de Desempenho no Uso de Pre-busca para Distribuicao de Video
	sobre Redes P2P},
  school = {Universidade Federal do Espirto Santos(UFES)},
  year = {2011},
  month = {Setembro}
}

@ARTICLE{manola,
  author = {Manola,Renan and Martinello, Magnos and Gomes, Roberta Lima and Marcondes,
	Cesar},
  title = {Analise de Desempenho no Uso de Pre-Busca para Distribuicao de Video
	Sobre Redes P2P},
  journal = {Workshop de Redes Dinamicas e Sistemas P2P},
  year = {2010},
  owner = {Jorge},
  timestamp = {2012.07.23}
}

@INPROCEEDINGS{6249274,
  author = {Marcondes, C.A.C. and Santos, T.P.C. and Godoy, A.P. and Viel, C.C.
	and Teixeira, C.A.C.},
  title = {CastFlow: Clean-slate multicast approach using in-advance path processing
	in programmable networks},
  booktitle = {Computers and Communications (ISCC), 2012 IEEE Symposium on},
  year = {2012},
  pages = {000094 -000101},
  month = {july},
  doi = {10.1109/ISCC.2012.6249274},
  issn = {1530-1346},
  keywords = {IPTV;Internet;OpenFlow technology;autonomous systems;clean-slate multicast;distributed
	algorithms;in-advance path processing;multicast protocols;multipoint
	communication;online radio;programmable networks;videoconferencing;IP
	networks;IPTV;Internet;multicast protocols;teleconferencing;video
	communication;}
}

@ARTICLE{282,
  author = {Marfia, G. and Sentivelli, A. and Tewari, S. and Gerla, M. and Kleinrock,
	L.},
  title = {Will {IPTV} Ride the Peer-to-Peer Stream?},
  journal = {IEEE Communications Magazine Special Issue on Peer-to-Peer Streaming},
  year = {2007},
  month = {June}
}

@ARTICLE{McKeown:2008:OEI:1355734.1355746,
  author = {McKeown, Nick and Anderson, Tom and Balakrishnan, Hari and Parulkar,
	Guru and Peterson, Larry and Rexford, Jennifer and Shenker, Scott
	and Turner, Jonathan},
  title = {OpenFlow: enabling innovation in campus networks},
  journal = {SIGCOMM Comput. Commun. Rev.},
  year = {2008},
  volume = {38},
  pages = {69--74},
  number = {2},
  month = mar,
  acmid = {1355746},
  address = {New York, NY, USA},
  doi = {10.1145/1355734.1355746},
  issn = {0146-4833},
  issue_date = {April 2008},
  keywords = {ethernet switch, flow-based, virtualization},
  numpages = {6},
  publisher = {ACM},
  url = {http://doi.acm.org/10.1145/1355734.1355746}
}

@ARTICLE{991450,
  author = {Metz, C.},
  title = {IP anycast point-to-(any) point communication},
  journal = {Internet Computing, IEEE},
  year = {2002},
  volume = {6},
  pages = {94 -98},
  number = {2},
  month = {mar/apr},
  doi = {10.1109/4236.991450},
  issn = {1089-7801},
  keywords = {IP anycast deployment;Internet;anycast address;connection load;link
	resource reduction;multiple Web servers;network resiliency;packets;point-to-point
	flow;Internet;client-server systems;transport protocols;}
}

@INPROCEEDINGS{Nascimento:2011:VRS:2002396.2002405,
  author = {Nascimento, Marcelo R. and Rothenberg, Christian E. and Salvador,
	Marcos R. and Corr\^{e}a, Carlos N. A. and de Lucena, Sidney C. and
	Magalh\~{a}es, Maur\'{\i}cio F.},
  title = {Virtual routers as a service: the RouteFlow approach leveraging software-defined
	networks},
  booktitle = {Proceedings of the 6th International Conference on Future Internet
	Technologies},
  year = {2011},
  series = {CFI '11},
  pages = {34--37},
  address = {New York, NY, USA},
  publisher = {ACM},
  acmid = {2002405},
  doi = {10.1145/2002396.2002405},
  isbn = {978-1-4503-0821-2},
  location = {Seoul, Republic of Korea},
  numpages = {4},
  url = {http://doi.acm.org/10.1145/2002396.2002405}
}

@MISC{NS2,
  author = {NSNAM},
  title = {NSNAM},
  howpublished = {\url{http://nsnam.isi.edu/nsnam/index.php}},
  note = {Acessado em 4 outubro de 2012}
}

@MISC{openstack,
  author = {Openstack},
  title = {Documentation - wiki},
  howpublished = {\url{http://wiki.openstack.org/Documentation}},
  note = {Acessado em 4 outubro de 2012}
}

@MISC{Quantum,
  author = {Comunidade Openstack},
  title = {Quantum - Wiki},
  howpublished = {\url{http://wiki.openstack.org/Documentation}},
  note = {Acessado em 4 outubro de 2012}
}

@MISC{Ryu,
  author = {NTT laboratories OSRG group},
  title = {Ryu},
  howpublished = {\url{http://osrg.github.com/ryu/}},
  note = {Acessado em 4 outubro de 2012}
}

@INPROCEEDINGS{MultipathTcp,
  author = {C. Raiciu and S. Barre and C. Pluntke and A. Greenhalgh and D. Wischik
	and M. Handley},
  title = {Improving datacenter performance and robustness with multipath TCP},
  booktitle = {SIGCOMM 2011, Toronto, Canada},
  year = {2011},
  month = {August},
  note = {See http://mptcp.info.ucl.ac.be for related work on MPTCP and the
	Linux kernel implementation used in this paper}
}

@ARTICLE{10.1109/ICME.2006.262626,
  author = {Yanming Shen and Zhengye Liu and Shivendra Panwar and Keith Ross
	and Yao Wang},
  title = {On the Design of Prefetching Strategies in a Peer-Driven Video on-Demand
	System},
  journal = {Multimedia and Expo, IEEE International Conference on},
  year = {2006},
  volume = {0},
  pages = {817-820},
  address = {Los Alamitos, CA, USA},
  doi = {http://doi.ieeecomputersociety.org/10.1109/ICME.2006.262626},
  isbn = {1-4244-0366-7},
  publisher = {IEEE Computer Society}
}

@TECHREPORT{prefectial2,
  author = {Zhang, Hao and Chen, Minghua and Parekh, Abhay and Ramchandran, Kannan},
  title = {An Adaptive Multi-channel P2P Video-on-Demand System using Plug-and-Play
	Helpers},
  institution = {EECS Department, University of California, Berkeley},
  year = {2010},
  number = {UCB/EECS-2010-111},
  month = {Jul},
  abstract = {We present a multi-channel P2P Video-on-Demand (VoD) system using
	``plug-and-play" helpers. Helpers are heterogenous ``micro-servers"
	with limited storage, bandwidth and number of users they can serve
	simultaneously. Our proposed system has the following salient features:
	(1) it minimizes the server load; (2) it is distributed, and requires
	little or no maintenance overhead and which can easily adapt to system
	dynamics; and (3) it is adaptable to varying supply and demand patterns
	across multiple video channels irrespective of video popularity.
	Our proposed solution jointly optimizes over helper-user topology,
	video storage allocation and bandwidth allocation. The combinatorial
	nature of the problem and the system demand for distributed algorithms
	makes the problem uniquely challenging. By utilizing Lagrangian decomposition
	and Markov chain approximation based arguments, we address this challenge
	by designing two distributed algorithms running in tandem: a primal-dual
	storage and bandwidth allocation algorithm and a ``soft-worst-neighbor-choking"
	topology-building algorithm. Our scheme provably converges to a near-optimal
	solution, and is easy to implement in practice. Simulation results
	validate that the proposed scheme achieves minimum sever load under
	highly heterogeneous combinations of supply and demand patterns,
	and is robust to system dynamics of user/helper churn, user/helper
	asynchrony, and random delays in the network.},
  url = {http://www.eecs.berkeley.edu/Pubs/TechRpts/2010/EECS-2010-111.html}
}

@MISC{TopologiaRNP,
  author = {Topology Zoo},
  title = {The Internet Topology Zoo},
  howpublished = {\url{http://www.topology-zoo.org/dataset.html}},
  note = {Acessado em 4 outubro de 2012}
}

